@misc{nastikya,
    title={Nastikiya blog},
    url={https://www.nastikya.com/},
}
@misc{bash,
    title={Facebook page basher kella},
    url={https://www.facebook.com/basherkellanews/},
}

@misc{dhormo,
    title={Dhormockery blog},
    url={https://www.dhormockery.com/},
}
@misc{stpwrd,
    title={Stopwords list},
    url={https://github.com/stopwords-iso/stopwords-bn},
}
@misc{istishon,
    title={Istishoner blog},
    url={https://www.istishon.com/},
}

@misc{palo,
    title={The Daily Prothom Alo },
    url={https://www.prothomalo.com/},
}
@misc{juga,
    title={The Daily jugantor },
    url={https://www.jugantor.com/},
}
@misc{kk,
    title={The Daily Kaler Kantho},
    url={http://www.kalerkantho.com/},
}

@misc{banglacorpus,
    title={Open Source Bengali Corpus},
    url={https://scdnlab.com/corpus/},
}
@article{zhang2011comparative,
  title={A comparative study of TF* IDF, LSI and multi-words for text classification},
  author={Zhang, Wen and Yoshida, Taketoshi and Tang, Xijin},
  journal={Expert Systems with Applications},
  volume={38},
  number={3},
  pages={2758--2765},
  year={2011},
  publisher={Elsevier}
}
@inproceedings{lilleberg2015support,
  title={Support vector machines and word2vec for text classification with semantic features},
  author={Lilleberg, Joseph and Zhu, Yun and Zhang, Yanqing},
  booktitle={Cognitive Informatics \& Cognitive Computing (ICCI* CC), 2015 IEEE 14th International Conference on},
  pages={136--140},
  year={2015},
  organization={IEEE}
}
@inproceedings{harisinghaney2014text,
  title={Text and image based spam email classification using KNN, Na{\"\i}ve Bayes and Reverse DBSCAN algorithm},
  author={Harisinghaney, Anirudh and Dixit, Aman and Gupta, Saurabh and Arora, Anuja},
  booktitle={Optimization, Reliabilty, and Information Technology (ICROIT), 2014 International Conference on},
  pages={153--155},
  year={2014},
  organization={IEEE}
}
@inproceedings{ismail2014bangla,
  title={Bangla word clustering based on N-gram language model},
  author={Ismail, Sabir and Rahman, M Shahidur},
  booktitle={Electrical Engineering and Information \& Communication Technology (ICEEICT), 2014 International Conference on},
  pages={1--5},
  year={2014},
  organization={IEEE}
}
@inproceedings{ahmad2016bengali,
  title={Bengali word embeddings and it's application in solving document classification problem},
  author={Ahmad, Adnan and Amin, Mohammad Ruhul},
  booktitle={Computer and Information Technology (ICCIT), 2016 19th International Conference on},
  pages={425--430},
  year={2016},
  organization={IEEE}
}
@inproceedings{kaya2012sentiment,
  title={Sentiment analysis of turkish political news},
  author={Kaya, Mesut and Fidan, Guven and Toroslu, Ismail H},
  booktitle={Proceedings of the The 2012 IEEE/WIC/ACM International Joint Conferences on Web Intelligence and Intelligent Agent Technology-Volume 01},
  pages={174--180},
  year={2012},
  organization={IEEE Computer Society}
}
@article{nizamani2013modeling,
  title={Modeling suspicious email detection using enhanced feature selection},
  author={Nizamani, Sarwat and Memon, Nasrullah and Wiil, Uffe Kock and Karampelas, Panagiotis},
  journal={arXiv preprint arXiv:1312.1971},
  year={2013}
}
@article{alami2015detecting,
  title={DETECTING SUSPICIOUS PROFILES USING TEXT ANALYSIS WITHIN SOCIAL MEDIA.},
  author={Alami, Salim and BEQQALI, OMAR EL},
  journal={Journal of Theoretical \& Applied Information Technology},
  volume={73},
  number={3},
  year={2015}
}
@inproceedings{chy2014bangla,
  title={Bangla news classification using naive Bayes classifier},
  author={Chy, Abu Nowshed and Seddiqui, Md Hanif and Das, Sowmitra},
  booktitle={Computer and Information Technology (ICCIT), 2013 16th International Conference on},
  pages={366--371},
  year={2014},
  organization={IEEE}
}
@inproceedings{krendzelak2015text,
  title={Text categorization with machine learning and hierarchical structures},
  author={Krendzelak, M and Jakab, F},
  booktitle={Emerging eLearning Technologies and Applications (ICETA), 2015 13th International Conference on},
  pages={1--5},
  year={2015},
  organization={IEEE}
}
@article{alsaleem2011automated,
  title={Automated Arabic Text Categorization Using SVM and NB.},
  author={Alsaleem, Saleh and others},
  journal={Int. Arab J. e-Technol.},
  volume={2},
  number={2},
  pages={124--128},
  year={2011}
}
@inproceedings{hossain2018automatic,
  title={Automatic Bengali Document Categorization Based on Word Embedding and Statistical Learning Approaches},
  author={Hossain, Md Rajib and Hoque, Mohammed Moshiul},
  booktitle={2018 International Conference on Computer, Communication, Chemical, Material and Electronic Engineering (IC4ME2)},
  pages={1--6},
  year={2018},
  organization={IEEE}
}

@article{chavan2014survey,
  title={A survey of various machine learning techniques for text classification},
  author={Chavan, Gaurav S and Manjare, Sagar and Hegde, Parikshit and Sankhe, Amruta},
  journal={International Journal of Engineering Trends and Technology},
  volume={15},
  number={6},
  year={2014}
}

@inproceedings{yoo2015classification,
	title="Classification Scheme of Unstructured Text Document using TF-IDF and Naive Bayes Classifier",
	author="Jong-Yeol {Yoo} and Dongmin {Yang}",
	booktitle="Computer and Computing Science 2015",
	pages="263--266",
	year="2015"
}

@inproceedings{sharma2015active,
  title={Active learning with rationales for text classification},
  author={Sharma, Manali and Zhuang, Di and Bilgic, Mustafa},
  booktitle={Proceedings of the 2015 Conference of the North American Chapter of the Association for Computational Linguistics: Human Language Technologies},
  pages={441--451},
  year={2015}
}

@article{wei2012text,
  title={Text classification using support vector machine with mixture of Kernel},
  author={Wei, Liwei and Wei, Bo and Wang, Bin},
  journal={Journal of Software Engineering and Applications},
  volume={5},
  pages={55},
  year={2012},
  publisher={Scientific Research Publishing}
}

@article{villmann2017can,
  title={Can learning vector quantization be an alternative to SVM and deep learning?-recent trends and advanced variants of learning vector quantization for classification learning},
  author={Villmann, Thomas and Bohnsack, Andrea and Kaden, Marika},
  journal={Journal of Artificial Intelligence and Soft Computing Research},
  volume={7},
  number={1},
  pages={65--81},
  year={2017},
  publisher={De Gruyter Open}
}